@book{lindell,
  title={Introduction to modern cryptography},
  author={Lindell, Yehuda and Katz, Jonathan},
  year={2014},
  publisher={Chapman and Hall/CRC}
}

@incollection{goldreich1999foundations,
  title={The foundations of modern cryptography},
  author={Goldreich, Oded},
  booktitle={Modern Cryptography, Probabilistic Proofs and Pseudorandomness},
  pages={1--37},
  year={1999},
  publisher={Springer}
}

@inproceedings{askalidis2013theoretical,
  title={A theoretical analysis of crowdsourced content curation},
  author={Askalidis, Georgios and Stoddard, Greg},
  booktitle={The 3rd Workshop on Social Computing and User Generated Content},
  volume={16},
  year={2013}
}

@inproceedings{gupte2009news,
  title={News posting by strategic users in a social network},
  author={Gupte, Mangesh and Hajiaghayi, MohammadTaghi and Han, Lu and Iftode, Liviu and Shankar, Pravin and Ursu, Raluca M},
  booktitle={International Workshop on Internet and Network Economics},
  pages={632--639},
  year={2009},
  organization={Springer}
}

@inproceedings{ghosh2011incentivizing,
  title={Incentivizing high-quality user-generated content},
  author={Ghosh, Arpita and McAfee, Preston},
  booktitle={Proceedings of the 20th international conference on World wide web},
  pages={137--146},
  year={2011},
  organization={ACM}
}

@inproceedings{das2010ranking,
  title={Ranking mechanisms in twitter-like forums},
  author={Das Sarma, Anish and Das Sarma, Atish and Gollapudi, Sreenivas and Panigrahy, Rina},
  booktitle={Proceedings of the third ACM international conference on Web search and data mining},
  pages={21--30},
  year={2010},
  organization={ACM}
}

@article{abbassi2014distributed,
  title={Distributed content curation on the Web},
  author={Abbassi, Zeinab and Hegde, Nidhi and Massouli{\'e}, Laurent},
  journal={ACM Transactions on Internet Technology (TOIT)},
  volume={14},
  number={2-3},
  pages={9},
  year={2014},
  publisher={ACM}
}

@inproceedings{may2014filter,
  title={Filter \& follow: How social media foster content curation},
  author={May, Avner and Chaintreau, Augustin and Korula, Nitish and Lattanzi, Silvio},
  booktitle={ACM SIGMETRICS Performance Evaluation Review},
  volume={42},
  pages={42--55},
  year={2014},
  organization={ACM}
}

@inproceedings{leskovec2010governance,
  title={Governance in social media: A case study of the wikipedia promotion process},
  author={Leskovec, Jure and Huttenlocher, Daniel P and Kleinberg, Jon M},
  booktitle={ICWSM},
  pages={98--105},
  year={2010}
}

@inproceedings{forte2008scaling,
  title={Scaling consensus: Increasing decentralization in Wikipedia governance},
  author={Forte, Andrea and Bruckman, Amy},
  booktitle={Hawaii International Conference on System Sciences, Proceedings of the 41st Annual},
  pages={157--157},
  year={2008},
  organization={IEEE}
}

@article{ehrsam,
  title={Blockchain Governance: Programming Our Future},
  author={Ehrsam, Fred},
  journal={\url{https://www.medium.com}},
  year={2017},
  note={\url{https://www.medium.com/@FEhrsam/blockchain-governance-programming-our-future-c3bfe30f2d74} Accessed: 2019-01-02}
}

@article{vitalik,
  title={Notes on Blockchain Governance},
  author={Buterin, Vitalik},
  year={2017},
  note={\url{https://vitalik.ca/general/2017/12/17/voting.html} Accessed: 2019-01-02}
}

@article{steemdpos,
  title={DPOS Consensus Algorithm - The Missing White Paper},
  author={dantheman},
  year={2017},
  note={\url{https://steemit.com/dpos/@dantheman/dpos-consensus-algorithm-this-missing-white-paper} Accessed: 2019-04-02}
}

@article{bitsharesdpos,
  title={Graphene Documentation},
  author={Schuh, Fabian},
  year={2018},
  note={\url{https://media.readthedocs.org/pdf/docsbitsharesorg/master/docsbitsharesorg.pdf} Accessed: 2019-04-02}
}

@article{steem,
  title={Steem: An incentivized, blockchain-based, public content platform},
  author={Unknown},
  year={2017},
  note={\url{https://steem.com/SteemWhitePaper.pdf} Accessed: 2019-04-02}
}

@inproceedings{molavi2013iolaus,
  title={Iolaus: Securing online content rating systems},
  author={Molavi Kakhki, Arash and Kliman-Silver, Chloe and Mislove, Alan},
  booktitle={Proceedings of the 22nd international conference on World Wide Web},
  pages={919--930},
  year={2013},
  organization={ACM}
}

@inproceedings{tran2009sybil,
  title={Sybil-Resilient Online Content Voting},
  author={Tran, Dinh Nguyen and Min, Bonan and Li, Jinyang and Subramanian, Lakshminarayanan},
  booktitle={NSDI},
  volume={9},
  number={1},
  pages={15--28},
  year={2009}
}

@inproceedings{yu2009dsybil,
  title={Dsybil: Optimal sybil-resistance for recommendation systems},
  author={Yu, Haifeng and Shi, Chenwei and Kaminsky, Michael and Gibbons, Phillip B and Xiao, Feng},
  booktitle={2009 30th IEEE Symposium on Security and Privacy},
  pages={283--298},
  year={2009},
  organization={IEEE}
}

@inproceedings{viswanath2012canal,
  title={Canal: Scaling social network-based Sybil tolerance schemes},
  author={Viswanath, Bimal and Mondal, Mainack and Gummadi, Krishna P and Mislove, Alan and Post, Ansley},
  booktitle={Proceedings of the 7th ACM european conference on Computer Systems},
  pages={309--322},
  year={2012},
  organization={ACM}
}

@article{meo2017using,
  title={Using centrality measures to predict helpfulness-based reputation in trust networks},
  author={Meo, Pasquale De and Musial-Gabrys, Katarzyna and Rosaci, Domenico and Sarne, Giuseppe ML and Aroyo, Lora},
  journal={ACM Transactions on Internet Technology (TOIT)},
  volume={17},
  number={1},
  pages={8},
  year={2017},
  publisher={ACM}
}

@inproceedings{zhu2010measurement,
  title={Measurement and analysis of an online content voting network: a case study of Digg},
  author={Zhu, Yingwu},
  booktitle={Proceedings of the 19th international conference on World wide web},
  pages={1039--1048},
  year={2010},
  organization={ACM}
}

@article{darkdaos,
  title={On-Chain Vote Buying and the Rise of Dark DAOs},
  author={Daian, Philip and Kell, Tyler and Miers, Ian and Juels, Ari},
  year={2018},
  note={\url{http://hackingdistributed.com/2018/07/02/on-chain-vote-buying/} Accessed: 2019-01-02}
}

@article{tezos,
  title={Tezos--a self-amending crypto-ledger White paper},
  author={Goodman, LM},
  note={\url{https://www.tezos.com/static/papers/white\_paper.pdf}},
  year={2014}
}

@article{dash,
  title={Dash: A PrivacyCentric CryptoCurrency},
  author={Duffield, Evan and Diaz, Daniel},
  journal={Self-published},
  year={2015}
}

@article{levine2006survey,
  title={A survey of solutions to the sybil attack},
  author={Levine, Brian Neil and Shields, Clay and Margolin, N Boris},
  journal={University of Massachusetts Amherst, Amherst, MA},
  volume={7},
  pages={224},
  year={2006}
}

@article{synereo,
  title={Synereo: The Decentralized and Distributed Social Network},
  author={Konforty, Dor and Adam, Yuval and Estrada, Daniel and Meredith, Lucius Gregory},
  journal={Self-published},
  year={2015},
  note={\url{https://pdfs.semanticscholar.org/253c/c4744e6b2b87f88e46188fe527982b19542e.pdf} Accessed: 2019-01-02}
}

@article{steemit,
  title={Steem Whitepaper},
  author={Unknown},
  year={2018},
  note={\url{https://steem.io/steem-whitepaper.pdf} Accessed: 2019-04-02}
}

@article{tcr,
  title={Token-Curated Registries 1.0},
  author={Mike Goldin},
  year={2017},
  note={\url{https://medium.com/@ilovebagels/token-curated-registries-1-0-61a232f8dac7} Accessed: 2019-01-02}
}

@article{kaplan2010users,
  title={Users of the world, unite! The challenges and opportunities of Social Media},
  author={Kaplan, Andreas M and Haenlein, Michael},
  journal={Business horizons},
  volume={53},
  number={1},
  pages={59--68},
  year={2010},
  publisher={Elsevier}
}

@article{bergstrom2011don,
  title={``Don't feed the troll'': Shutting down debate about community expectations on Reddit. com},
  author={Bergstrom, Kelly},
  journal={First Monday},
  volume={16},
  number={8},
  year={2011}
}

@inproceedings{anderson2013steering,
  title={Steering user behavior with badges},
  author={Anderson, Ashton and Huttenlocher, Daniel and Kleinberg, Jon and Leskovec, Jure},
  booktitle={Proceedings of the 22nd international conference on World Wide Web},
  pages={95--106},
  year={2013},
  organization={ACM}
}

@inbook{kendall1955rank,
  author={Kendall, Maurice G},
  title={Rank Correlation Methods},
  journal = {British Journal of Statistical Psychology},
  volume = {9},
  edition={2},
  pages = {68},
  doi = {10.1111/j.2044-8317.1956.tb00172.x},
  note = {\url{https://onlinelibrary.wiley.com/doi/abs/10.1111/j.2044-8317.1956.tb00172.x}. Accessed: 2019-04-01},
  year={1955},
  publisher={Hafner Publishing Co.}
}

@article{spearman1904proof,
  title={The proof and measurement of association between two things},
  author={Spearman, Charles},
  journal={The American journal of psychology},
  volume={15},
  number={1},
  pages={72--101},
  year={1904},
  publisher={JSTOR}
}


@inproceedings{lu2011robust,
  title={Robust approximation and incremental elicitation in voting protocols},
  author={Lu, Tyler and Boutilier, Craig},
  booktitle={IJCAI},
  volume={1},
  pages={287--293},
  year={2011}
}

@inproceedings{conitzer2005communication,
  title={Communication complexity of common voting rules},
  author={Conitzer, Vincent and Sandholm, Tuomas},
  booktitle={Proceedings of the 6th ACM conference on Electronic commerce},
  pages={78--87},
  year={2005},
  organization={ACM}
}


@inproceedings{xia2010compilation,
  title={Compilation Complexity of Common Voting Rules.},
  author={Xia, Lirong and Conitzer, Vincent},
  booktitle={AAAI},
  year={2010}
}

@article{kalech2011practical,
  title={Practical voting rules with partial information},
  author={Kalech, Meir and Kraus, Sarit and Kaminka, Gal A and Goldman, Claudia V},
  journal={Autonomous Agents and Multi-Agent Systems},
  volume={22},
  number={1},
  pages={151--182},
  year={2011},
  publisher={Springer}
}

@inproceedings{rader2015understanding,
  title={Understanding user beliefs about algorithmic curation in the Facebook news feed},
  author={Rader, Emilee and Gray, Rebecca},
  booktitle={Proceedings of the 33rd annual ACM conference on human factors in computing systems},
  pages={173--182},
  year={2015},
  organization={ACM}
}

@inproceedings{stanoevska2012content,
  title={Content Curation: a new form of gatewatching for social media},
  author={Stanoevska-Slabeva, Katarina and Sacco, Vittoria and Giardina, Marco},
  booktitle={Proceedings of the 12th international symposium on online journalism},
  year={2012}
}

@article{thelwall2017can,
  title={Can social news websites pay for content and curation? The SteemIt cryptocurrency model},
  author={Thelwall, Mike},
  journal={Journal of Information Science},
  pages={0165551517748290},
  year={2017},
  publisher={SAGE Publications Sage UK: London, England}
}

@article{curationRewards,
  title = {Author and Curator rewards in HF19},
  author = {Juli\'an Gonz\'alez},
  year ={2018},
  note = {\url{https://steemit.com/steemit/@jga/author-and-curator-rewards-in-hf19}. Accessed: 2019-01-02}
}

@article{selfvoters,
  title = {Self-voters can achieve an interest of 248\% APR!!},
  author = {Juli\'an Gonz\'alez},
  year ={2018},
  note={\url{https://steemit.com/utopian-io/@jga/self-voters-can-achieve-an-interest-of-248-apr}. Accessed: 2019-01-02}
}

@article{sybilattack,
  author = "Douceur, J. R.",
  title = "The Sybil Attack",
  journal = "International workshop on Peer-To-Peer Systems",
  year = "2002"
}

@article{hillinger2005case,
  title={The case for utilitarian voting},
  author={Hillinger, Claude},
  journal={Homo Oeconomicus},
  volume={22},
  number={3},
  note = {\url{https://ssrn.com/abstract=878008}. Accessed: 2019-04-01},
  year={2005}
}

@article{gibbard1973manipulation,
  title={Manipulation of voting schemes: a general result},
  author={Gibbard, Allan},
  journal={Econometrica: journal of the Econometric Society},
  pages={587--601},
  year={1973},
  publisher={JSTOR}
}

@article{kiayias2018apuff,
  title={A Puff of Steem: Security Analysis of Decentralized Content Curation},
  author={Kiayias, Aggelos and Livshits, Benjamin and Monteoliva Mosteiro, Andr\'es and
  Thyfronitis Litos, Orfeas Stefanos},
  journal={arxiv.org},
  year={2018}
}
